<?xml version="1.0" encoding="UTF-8"?>
<collection xmlns:xsi="http://www.w3.org/2001/XMLSchema-instance" xsi:schemaLocation="http://www.loc.gov/MARC21/slim http://www.loc.gov/standards/marcxml/schema/MARC21slim.xsd" xmlns="http://www.loc.gov/MARC21/slim">
<record>
  <leader>01366cam a2200313I  4500</leader>
  <controlfield tag="001">5638173</controlfield>
  <controlfield tag="003">NNC</controlfield>
  <controlfield tag="005">20160623144144.0</controlfield>
  <controlfield tag="008">900924s1967    iq b          000 0 ara  </controlfield>
  <datafield tag="010" ind1=" " ind2=" ">
    <subfield code="a">   74242984 </subfield>
  </datafield>
  <datafield tag="035" ind1=" " ind2=" ">
    <subfield code="a">(OCoLC)ocm22425945</subfield>
  </datafield>
  <datafield tag="035" ind1=" " ind2=" ">
    <subfield code="a">(NNC)5638173</subfield>
  </datafield>
  <datafield tag="040" ind1=" " ind2=" ">
    <subfield code="a">DLC</subfield>
    <subfield code="c">WAU</subfield>
    <subfield code="d">WAU</subfield>
    <subfield code="d">OSU</subfield>
    <subfield code="d">ZCU</subfield>
  </datafield>
  <datafield tag="043" ind1=" " ind2=" ">
    <subfield code="a">a-is---</subfield>
    <subfield code="a">ma-----</subfield>
  </datafield>
  <datafield tag="050" ind1="0" ind2=" ">
    <subfield code="a">DS127</subfield>
    <subfield code="b">.K45</subfield>
  </datafield>
  <datafield tag="066" ind1=" " ind2=" ">
    <subfield code="c">(3</subfield>
  </datafield>
  <datafield tag="100" ind1="1" ind2=" ">
    <subfield code="6">880-01</subfield>
    <subfield code="a">Khaṭṭāb, Maḥmūd Shīt,</subfield>
    <subfield code="d">1919-</subfield>
  </datafield>
  <datafield tag="245" ind1="1" ind2="3">
    <subfield code="6">880-02</subfield>
    <subfield code="a">al-Ayyām al-ḥāsimah qabla maʻrakat al-maṣīr,</subfield>
    <subfield code="c">taḷīf Maḥmūd Shīt Khaṭṭāb.</subfield>
  </datafield>
  <datafield tag="260" ind1=" " ind2=" ">
    <subfield code="6">880-03</subfield>
    <subfield code="a">Baghdād:</subfield>
    <subfield code="b">Wizārat al-Thaqāfah wa-al-Irshād,</subfield>
    <subfield code="c">1967.</subfield>
  </datafield>
  <datafield tag="300" ind1=" " ind2=" ">
    <subfield code="a">166 p.</subfield>
    <subfield code="b">maps.</subfield>
    <subfield code="c">22 cm.</subfield>
  </datafield>
  <datafield tag="490" ind1="1" ind2=" ">
    <subfield code="6">880-04</subfield>
    <subfield code="a">Silsilah al-siyāsīyah,</subfield>
    <subfield code="v">16</subfield>
  </datafield>
  <datafield tag="650" ind1=" " ind2="0">
    <subfield code="a">Israel-Arab War, 1967.</subfield>
  </datafield>
  <datafield tag="810" ind1="1" ind2=" ">
    <subfield code="6">880-05</subfield>
    <subfield code="a">Iraq.</subfield>
    <subfield code="b">Wizārat al-Thaqāfah wa-al-Irshād.</subfield>
    <subfield code="t">Silsilah al-siyāsīyah ;</subfield>
    <subfield code="v">16.</subfield>
  </datafield>
  <datafield tag="880" ind1="1" ind2=" ">
    <subfield code="6">100-01/(3/r</subfield>
    <subfield code="a">خطاب، محمود شيت،</subfield>
    <subfield code="d">1919-</subfield>
  </datafield>
  <datafield tag="880" ind1="1" ind2="2">
    <subfield code="6">245-02/(3/r</subfield>
    <subfield code="a">الأيام الحاسمة قبل معركة المصير،</subfield>
    <subfield code="c">تأليف محمود شيت خطاب.</subfield>
  </datafield>
  <datafield tag="880" ind1=" " ind2=" ">
    <subfield code="6">260-03/(3/r</subfield>
    <subfield code="a">بغداد،</subfield>
    <subfield code="b">وزارة الثقافة والإرشاد،</subfield>
    <subfield code="c">1967.</subfield>
  </datafield>
  <datafield tag="880" ind1="1" ind2=" ">
    <subfield code="6">490-04/(3/r</subfield>
    <subfield code="a">سلسلة السياسية،</subfield>
    <subfield code="v">16</subfield>
  </datafield>
  <datafield tag="880" ind1="1" ind2=" ">
    <subfield code="6">810-05/(3/r</subfield>
    <subfield code="a">Iraq.</subfield>
    <subfield code="b">وزارة الثقافة والإرشاد.</subfield>
    <subfield code="t">سلسلة السياسية ؛</subfield>
    <subfield code="v">16</subfield>
  </datafield>
  <datafield tag="955" ind1=" " ind2=" ">
    <subfield code="b">CU68111649</subfield>
    <subfield code="d">off,leh</subfield>
    <subfield code="e">DS63 .I52 v.16</subfield>
  </datafield>
</record>
</collection>